@online{smartmirror,
  author = {HackerHouse},
  title = {asd},
  year = 2016,
  url = {https://youtube.com},
  urldate = {2016-01-01}
}

@manual{Senn:2009,
	title  = "Using {\LaTeX} for Your Thesis",
	author = "Mark Senn",
	url    = "http://engineering.purdue.edu/~mark/puthesis",
	year   = "2009 (accessed February 3, 2014)"
}